[gd_scene load_steps=9 format=2]

[ext_resource path="res://Assets/Character Assets/sprite_sheet 1.png" type="Texture" id=1]
[ext_resource path="res://Scripts/Enemy.gd" type="Script" id=2]

[sub_resource type="RectangleShape2D" id=1]
extents = Vector2( 30.474, 29.4863 )

[sub_resource type="CircleShape2D" id=2]
radius = 362.0

[sub_resource type="RectangleShape2D" id=3]
extents = Vector2( 34.474, 34.4863 )

[sub_resource type="Animation" id=4]
resource_name = "Hurt"
tracks/0/type = "value"
tracks/0/path = NodePath("Sprite:frame")
tracks/0/interp = 1
tracks/0/loop_wrap = true
tracks/0/imported = false
tracks/0/enabled = true
tracks/0/keys = {
"times": PoolRealArray( 0, 0.3, 0.6 ),
"transitions": PoolRealArray( 1, 1, 1 ),
"update": 1,
"values": [ 7, 7, 0 ]
}
tracks/1/type = "value"
tracks/1/path = NodePath("Sprite:modulate")
tracks/1/interp = 1
tracks/1/loop_wrap = true
tracks/1/imported = false
tracks/1/enabled = true
tracks/1/keys = {
"times": PoolRealArray( 0, 0.3 ),
"transitions": PoolRealArray( 1, 1 ),
"update": 0,
"values": [ Color( 0.431373, 0.133333, 0.133333, 1 ), Color( 1, 1, 1, 1 ) ]
}

[sub_resource type="Animation" id=5]
tracks/0/type = "value"
tracks/0/path = NodePath("Sprite:frame")
tracks/0/interp = 1
tracks/0/loop_wrap = true
tracks/0/imported = false
tracks/0/enabled = true
tracks/0/keys = {
"times": PoolRealArray( 0, 0.2, 0.5 ),
"transitions": PoolRealArray( 1, 1, 1 ),
"update": 1,
"values": [ 0, 1, 2 ]
}
tracks/1/type = "value"
tracks/1/path = NodePath("Sprite:modulate")
tracks/1/interp = 1
tracks/1/loop_wrap = true
tracks/1/imported = false
tracks/1/enabled = true
tracks/1/keys = {
"times": PoolRealArray( 0 ),
"transitions": PoolRealArray( 1 ),
"update": 0,
"values": [ Color( 1, 1, 1, 1 ) ]
}

[sub_resource type="CircleShape2D" id=6]
radius = 496.0

[node name="Enemy" type="KinematicBody2D" groups=[
"Enemy",
]]
script = ExtResource( 2 )
__meta__ = {
"_edit_group_": true
}
speed = 350

[node name="Sprite" type="Sprite" parent="."]
scale = Vector2( 2, 2 )
texture = ExtResource( 1 )
vframes = 3
hframes = 3
region_rect = Rect2( 0, 0, 70, 70 )

[node name="CollisionShape2D" type="CollisionShape2D" parent="."]
visible = false
shape = SubResource( 1 )

[node name="Sight" type="Area2D" parent="."]

[node name="CollisionShape2D" type="CollisionShape2D" parent="Sight"]
visible = false
shape = SubResource( 2 )

[node name="HitBox" type="Area2D" parent="."]
visible = false

[node name="CollisionShape2D" type="CollisionShape2D" parent="HitBox"]
shape = SubResource( 3 )

[node name="AnimationPlayer" type="AnimationPlayer" parent="."]
playback_process_mode = 0
playback_speed = 3.0
anims/Hurt = SubResource( 4 )
anims/walk = SubResource( 5 )

[node name="OuterSight" type="Area2D" parent="."]

[node name="CollisionShape2D" type="CollisionShape2D" parent="OuterSight"]
visible = false
shape = SubResource( 6 )
[connection signal="body_entered" from="Sight" to="." method="_on_Sight_body_entered"]
[connection signal="area_entered" from="HitBox" to="." method="_on_HitBox_area_entered"]
[connection signal="body_entered" from="HitBox" to="." method="_on_HitBox_body_entered"]
[connection signal="body_entered" from="OuterSight" to="." method="_on_OuterSight_body_entered"]
