[gd_scene load_steps=12 format=2]

[ext_resource path="res://Assets/Weapon Assets/Bullets.png" type="Texture" id=1]
[ext_resource path="res://Scripts/ShotGun Bullet.gd" type="Script" id=2]
[ext_resource path="res://Assets/Environment Assets/Particles.png" type="Texture" id=3]

[sub_resource type="RectangleShape2D" id=1]
extents = Vector2( 9.72493, 8.93753 )

[sub_resource type="RectangleShape2D" id=2]
extents = Vector2( 10.1999, 8.22503 )

[sub_resource type="CircleShape2D" id=3]
radius = 122.405

[sub_resource type="Gradient" id=4]
offsets = PoolRealArray( 0, 0.00735294, 0.522059, 0.992647, 1 )
colors = PoolColorArray( 0, 0, 0, 1, 0.988281, 0.938336, 0.189163, 1, 0.957031, 0.504334, 0.0224304, 1, 1, 0.374359, 0.0351563, 1, 1, 1, 1, 1 )

[sub_resource type="GradientTexture" id=5]
gradient = SubResource( 4 )

[sub_resource type="Curve" id=6]
_data = [ Vector2( 0, 1 ), 0.0, 0.0, 0, 0, Vector2( 0.440252, 0.416819 ), -0.657025, -0.657025, 0, 0, Vector2( 0.987421, 0.0440918 ), -3.18, 0.0, 0, 0 ]

[sub_resource type="CurveTexture" id=7]
curve = SubResource( 6 )

[sub_resource type="ParticlesMaterial" id=8]
emission_shape = 1
emission_sphere_radius = 2.0
flag_disable_z = true
spread = 180.0
gravity = Vector3( 0, 0, 0 )
initial_velocity = 100.0
initial_velocity_random = 1.0
orbit_velocity = 0.0
orbit_velocity_random = 0.0
linear_accel = 20.0
linear_accel_random = 1.0
scale = 1.5
scale_random = 1.0
scale_curve = SubResource( 7 )
color_ramp = SubResource( 5 )

[node name="ShotGun Bullet" type="RigidBody2D"]
script = ExtResource( 2 )

[node name="CollisionShape2D" type="CollisionShape2D" parent="."]
position = Vector2( 0.949997, 1.1875 )
shape = SubResource( 1 )

[node name="Sprite" type="Sprite" parent="."]
position = Vector2( 0.899994, -0.525002 )
scale = Vector2( 2, 1.5 )
texture = ExtResource( 1 )
vframes = 2
hframes = 2

[node name="Area2D" type="Area2D" parent="."]

[node name="CollisionShape2D" type="CollisionShape2D" parent="Area2D"]
position = Vector2( 0.949997, 1.1875 )
shape = SubResource( 2 )

[node name="Explosion_Radius" type="Area2D" parent="."]

[node name="CollisionShape2D" type="CollisionShape2D" parent="Explosion_Radius"]
shape = SubResource( 3 )
disabled = true

[node name="Timer" type="Timer" parent="."]
wait_time = 0.3

[node name="Particles2D" type="Particles2D" parent="."]
position = Vector2( -0.671738, -0.671753 )
scale = Vector2( 2, 2 )
emitting = false
amount = 100
speed_scale = 3.0
explosiveness = 1.0
randomness = 0.5
process_material = SubResource( 8 )
texture = ExtResource( 3 )
[connection signal="body_entered" from="Area2D" to="." method="_on_Area2D_body_entered"]
[connection signal="timeout" from="Timer" to="." method="_on_Timer_timeout"]
